@book{Murray_IOH,
    title = {In Our Hands: A Plan to Replace the Welfare State},
    author = {Charles Murray},
    isbn = {0844742236},
    publisher = {AEI Press},
    year = {2006},
}
